5500 6392
899 1109 1019 1193 neira
1035 1108 1332 1226 demonstrans,
1355 1139 1399 1206 ut
1421 1121 1519 1210 nihil
1539 1132 1707 1241 cuipiam
1719 1141 1857 1254 reliqui
1879 1145 2234 1246 fecrffevideaturt

922 1456 1049 1554 ’otio
1088 1473 1208 1583 igitur
1244 1473 1511 1588 &patientia
1546 1485 1695 1594 vestra,
1734 1494 2230 1611 AnniananS,'non

889 1645 1051 1758 abutar3
1082 1650 1154 1757 dc,
1191 1653 1299 1764 quud
1331 1657 1467 1754 restat,
1510 1663 1681 1754 instituti
1721 1699 1872 1786 mernor
1902 1678 2069 1770 breviter
2104 1689 2232 1778 osten·

892 1823 1010 1926 dam,
1036 1830 1086 1916 ad
1109 1842 1263 1946 ,cultum
1294 1843 1461 1930 Virtutis
1480 1849 1615 1934 Civilis
1652 1853 1775 1942 bonas
1810 1862 1941 1948 literas
1979 1866 2034 1954 ibi
2061 1876 2232 1960 maxime

888 1998 1108 2108 proficere,
1137 1999 1204 2085 ubi
1230 2001 1355 2089 libera
1385 2010 1438 2094 est
1459 2019 1661 2126 regiminis
1693 2007 1848 2114 fututa:
1874 2041 2012 2140 Nam,
2040 2071 2084 2130 ut
2109 2053 2231 2136 multa

889 2181 992 2283 alia,
1020 2207 1118 2294 quae
1154 2183 1282 2274 fortes
1299 2191 1464 2284 fortuna
1497 2204 1674 2295 accidisse
1713 2215 1957 2346 videantur,
2007 2226 2051 2314 dc
2091 2253 2226 2327 tamen

885 2353 1051 2462 sapienti
1089 2363 1275 2453 Numinis
1321 2371 1485 2476 coniiiio
1524 2393 1719 2496 evenere,
1768 2389 1820 2484 fic
1846 2405 1888 2488 in
1928 2405 2007 2494 huc
2054 2415 2227 2506 Divinae

882 2543 1160 2647 Providentiae
1211 2565 1435 2655 bonitatem
1483 2587 1655 2674 maxime
1696 2619 1905 2707 veneror,
1920 2608 2030 2714 quod
2061 2611 2227 2698 Veteres

779 2756 782 2763 '
883 2736 964 2836 illi,
994 2766 1161 2850 quorum
1183 2751 1416 2854 exemplaria
1447 2762 1662 2860 versamus,
1690 2773 1755 2882 seu
1785 2775 1926 2860 Graeci
1965 2793 2030 2868 seu
2066 2793 2223 2894 Latini,

878 2931 906 2992 e
930 2871 1063 2993 liberis
1096 2877 1243 3002 fuerint
1263 2907 1486 3016 eivitatibua
1503 2935 1675 3024 oriundi.
1716 2945 1917 3034 Nimirum
1937 2957 2067 3042 noluit
2088 2959 2222 3057 Deus,

879 3089 1151 3202 Libertatem,
1196 3133 1295 3217 quae
1337 3119 1526 3206 omnibus
1571 3125 1777 3218 virtutibus
1817 3136 1997 3232 fomenta
2037 3157 2220 3267 praebet,

881 3291 935 3352 ex
969 3267 1048 3364 hoc
1093 3268 1284 3369 terrarum
1319 3294 1416 3378 orbe
1448 3304 1638 3416 exsulare;
1670 3336 1787 3428 atque
1831 3323 1983 3416 idcirco

857 3623 955 3709 nist
1000 3633 1067 3742 qui
1112 3651 1271 3749 utrque
1309 3653 1375 3739 ilia
1416 3656 1576 3777 Lingua
1607 3667 1758 3755 suerint
1787 3679 1863 3785 ui,
1900 3713 1999 3797 quae
2034 3721 2056 3778 a
2086 3689 2217 3783 liberie

876 3815 1037 3929 Popuiia
1067 3826 1144 3915 fuit
1172 3835 1350 3948 usurpata
1380 3847 1614 3947 &exculta

929 4181 1057 4294 Igitur
1086 4187 1232 4304 duplex
1272 4195 1368 4288 inde
1402 4207 1594 4298 enascitur
1619 4213 1715 4310 dos·
1746 4229 1986 4326 Primum
1950 4243 2082 4354 quud,
2110 4248 2206 4339 dum

871 4357 1045 4494 Graecus
1075 4373 1255 4460 audimus
1286 4382 1329 4465 de
1360 4381 1595 4500 Romanos,
1623 4433 1722 4515 quae
1752 4431 1958 4527 utramque
1984 4425 2211 4539 Rernpubli·
2320 4515 2323 4520 ,

873 4556 960 4618 carn
989 4483 1050 4618 ve'l
1075 4542 1259 4658 auxerint
1288 4546 1393 4634 buna
1424 4565 1482 4642 vel
1510 4561 1655 4676 peffurn
1685 4577 1871 4667 dederint
1898 4597 2020 4694 maia,
2051 4598 2077 4683 ii
2110 4603 2209 4716 sapi·

872 4746 989 4824 mus,
1016 4724 1064 4807 ab
1101 4725 1177 4812 illia
1208 4719 1436 4820 ediscamus:
1449 4739 1571 4874 Tum
1603 4743 1746 4837 deinde
1768 4759 1907 4867 quud
1897 4791 2087 4877 ingenuos
2113 4777 2207 4858 tales

2139 4951 2206 5062 spi·
