5500 6392
711 555 1701 842 ‘INAUGJRALOES
1852 737 1949 854 ss*

563 977 675 1068 Rara
702 983 1032 1092 enim-..acanulio
1060 977 1456 1094 pratioaess'rmenda
1474 976 1716 1064 Academiae
1748 973 1900 1076 nestrae

558 1153 619 1240 est
655 1155 820 1288 felicitas¹
839 1179 937 1262 ,ut
973 1161 1028 1248 illi
1055 1160 1263 1278 juvenes,
1303 1164 1369 1272 qui
1401 1159 1452 1248 ad
1484 1161 1788 1274 Rempublicam
1823 1156 1899 1242 smt

558 1322 768 1466 accessuri),
795 1331 838 1416 in
866 1335 970 1466 tes&
993 1340 1036 1425 in
1058 1341 1279 1430 Clarissimo
1311 1339 1640 1426 Knussrtmo
1671 1327 1900 1444 persediffi·

562 1539 630 1599 ma
660 1514 830 1608 habeant
846 1521 947 1610 illius
964 1526 1138 1614 Virtutis
1157 1532 1422 1642 exemplaria,
1453 1529 1517 1640 qui
1542 1525 1708 1610 Patrium
1734 1523 1900 1606 vestram

552 1679 617 1788 ,fic
640 1681 840 1802 diligatis,
875 1714 922 1778 ut
950 1721 1091 1784 rerum
1120 1696 1445 1810 jurisconsultum
1472 1687 1645 1780 eundem
1669 1683 1740 1768 esse
1772 1684 1898 1766 virum

564 1825 715 1942 bonum
748 1859 792 1946 dr
823 1863 953 1950 ciuem
974 1866 1249 1968 utilissimum,
1286 1871 1472 1977 ringente
1498 1867 1590 1949 iicet
1619 1857 1789 1958 invidit,
1820 1857 1901 1964 pla·

560 2031 715 2118 nisfime
744 2037 1023 2143 comprobetis.
1078 2036 1160 2128 Sed
1199 2043 1249 2127 ad
1284 2035 1438 2150 publica
1479 2033 1577 2119 haec
1608 2031 1751 2118 merita
1791 2055 1901 2116 acce·

561 2223 662 2310 dunt
689 2231 844 2338 priuata
873 2249 941 2315 tua
976 2233 1020 2315 in
1050 2257 1115 2316 me
1143 2226 1356 2317 beneficia:
1399 2227 1507 2312 Nam
1540 2222 1663 2309 abeo
1696 2238 1901 2330 tempore,
1963 2225 1965 2230 ’

562 2423 644 2506 quo
677 2396 887 2490 dueentem
912 2421 951 2486 te
980 2397 1215 2498 audiebam,
1241 2402 1309 2483 islo
1330 2395 1471 2482 favore
1501 2420 1565 2484 me
1592 2390 1700 2478 suisti
1726 2392 1901 2502 compse-

561 2601 666 2678 xur,
694 2597 739 2662 ut
759 2603 875 2688 quem
895 2601 974 2704 ego
993 2575 1211 2660 amicorum
1238 2581 1416 2660 meorum
1442 2588 1481 2655 te
1514 2569 1770 2682 integritate,
1798 2560 1901 2664 fide,

561 2756 798 2844 auctoritate
824 2771 1025 2870 potiorem
1055 2758 1245 2860 habeam,
1272 2754 1457 2865 equidem
1482 2751 1661 2839 noverim
1684 2750 1897 2834 neminem.

559 2945 603 3032 Si
636 2943 706 3027 tasi
737 2967 835 3057 ergo
873 2946 1098 3063 animorum
1126 2937 1174 3034 ἂ,
1196 2942 1425 3026 *voluntatis
1456 2937 1731 3049 conjundioni
1761 2959 1901 3021 recens

561 3112 817 3240 qrraedamex
844 3135 935 3196 meo
965 3117 1044 3196 hoc
1073 3135 1240 3200 munere
1266 3115 1307 3200 se
1337 3114 1530 3224 adjunget
1559 3107 1833 3211 necessitudo,
1863 3105 1903 3192 id

563 3281 686 3366 etiam
717 3251 827 3390 iuter
845 3258 936 3361 mea
962 3269 1222 3388 gaudianum
1254 3277 1433 3361 ultimum
1460 3279 1531 3362 erit
1560 3277 1889 3389 computandum.

500 3657 509 3683 ¹
544 3741 550 3750 .
617 3639 712 3744 Quo
743 3655 785 3727 te
813 3635 977 3722 tandem
1002 3637 1165 3722 nomine
1195 3634 1414 3746 adpellem,
1444 3661 1560 3744 quem
1589 3655 1633 3720 ut
1662 3633 1897 3746 Praecepto·

559 3843 645 3904 rem
666 3817 969 3904 venerabundus
997 3816 1181 3925 suspicio,
1210 3837 1255 3902 ut
1285 3820 1458 3902 amicum
1489 3813 1678 3901 studiosus
1709 3823 1826 3919 colo,
1856 3841 1901 3906 ut

560 4005 760 4094 fautorem
786 4027 921 4114 gratus
950 4003 1142 4103 observo,
1182 4001 1512 4108 RuHurtaur,
1544 4013 1617 4097 Vir
1652 4011 1899 4099 Ctafjffimet

560 4199 633 4288 Tu
665 4198 708 4280 iu
748 4220 812 4279 me
844 4215 946 4303 pene
977 4217 1099 4304 puero
1130 4188 1370 4279 Graecarum
1401 4195 1645 4306 Lirerarum,
1685 4203 1726 4286 in
1758 4204 1897 4312 quibus

560 4381 645 4466 dux
678 4405 762 4466 erar
790 4396 884 4467 ante
913 4373 1276 4478 Hemsterhusrum,
1315 4379 1386 4464 vix
1415 4379 1625 4467 satiandam
1656 4379 1758 4470 sitim
1788 4395 1895 4474 exci-

562 4553 666 4642 tasti:
706 4555 778 4640 'su
811 4550 1073 4664 suscipiendae
1103 4554 1217 4661 hujus
1254 4555 1485 4666 provinciae
1506 4560 1587 4666 jam
1619 4559 1713 4646 mihi
1747 4563 1899 4672 praeci-

452 4784 455 4788 *
558 4767 658 4856 puur
677 4739 784 4832 fuisti
804 4703 942 4872 ausser
961 4737 1171 4848 desuasor,
1202 4767 1318 4854 quam
1340 4765 1446 4855 ego,
1473 4742 1671 4856 insperato
1694 4743 1896 4858 oblatam,

1168 4983 1174 4990 ·
1308 4929 1345 5016 E
1372 4949 1398 5037 3
1832 4963 1887 5024 ne

1337 5189 1365 5234 (
