5500 6392
1259 585 1289 677 d
1341 657 1345 668 .

689 749 1866 900 runuounnurnm

534 1027 654 1139 Reip.
688 1053 865 1141 uuquam
894 1015 1132 1138 pronunciet
1157 1028 1222 1114 vel
1253 1027 1297 1112 iu
1332 1023 1484 1132 judiciis
1523 1028 1776 1131 dominetur,
1805 1056 1873 1116 ne·

535 1225 611 1310 que
641 1201 898 1310 optimates,
925 1197 976 1285 ab
994 1201 1109 1286 omni
1129 1201 1275 1287 ciuium
1305 1193 1462 1286 suorum
1490 1197 1653 1286 arbitrio
1681 1198 1723 1284 iu
1740 1226 1876 1286 trean-

533 1355 599 1464 ds
626 1366 925 1490 magistratibus
952 1377 1091 1480 liberi,
1117 1377 1303 1464 Ciuitatis
1333 1375 1369 1474 le
1400 1383 1527 1488 magia
1549 1374 1736 1464 dominor
1755 1402 1875 1486 quam

494 1543 498 1550 ⁴
533 1564 710 1654 redorta
745 1562 996 1652 arbitrentur.
1065 1563 1278 1652 Moderata
1310 1559 1505 1676 ejusmodi
1544 1557 1573 1644 lt
1609 1563 1803 1676 probetur
1830 1569 1876 1656 in

531 1756 740 1867 Regimine
763 1755 945 1855 mistura,
973 1755 1217 1868 optatiffima
1234 1748 1342 1840 limul
1367 1753 1496 1842 aderit
1518 1753 1758 1862 aequalitas,
1785 1778 1873 1840 non

533 1927 600 2014 ista
619 1957 719 2041 quae
742 1959 792 2022 ex
812 1935 985 2044 plurium
1008 1951 1108 2017 voto
1133 1931 1320 2012 omnibus
1340 1930 1465 2027 idem,
1497 1931 1627 2010 sedeo
1648 1951 1745 2032 quae
1764 1927 1876 2014 suum

533 2097 693 2213 fingulis
723 2095 892 2199 tribuat,
919 2125 994 2208 pro
1017 2093 1217 2209 dignitate
1252 2119 1448 2206 quemque
1486 2092 1681 2202 honoret,
1717 2121 1763 2180 ac
1790 2121 1873 2184 ma·

530 2277 592 2362 los
623 2277 755 2378 ciues,
793 2273 1043 2359 turbidarum
1076 2273 1303 2382 praesertim
1340 2299 1473 2358 rerum
1509 2273 1686 2358 auctores
1712 2269 1756 2357 da
1779 2272 1874 2361 sedi-

531 2460 693 2549 ditionis
723 2461 874 2560 ducta,
898 2456 1040 2568 poenit
1067 2453 1229 2568 castiget
1257 2451 1524 2542 meritiffimir.

585 2819 668 2905 Sed
697 2819 881 2928 quorsum
915 2816 1073 2926 vagor?
1099 2853 1206 2878 ·-·-
1233 2813 1280 2894 ln
1310 2814 1435 2900 aliena
1470 2815 1626 2926 prorsus
1664 2841 1730 2904 me
1754 2816 1874 2928 ipum

530 2994 718 3081 materiae
784 3017 877 3075 cum
926 2991 1099 3080 utilitate
1137 3011 1223 3078 tom
1278 2990 1490 3080 dulcedine
1542 2993 1686 3080 abduci
1731 2994 1874 3082 sentim
1955 2971 1959 2980 x

535 3179 589 3263 Ut
624 3179 669 3264 in
710 3183 814 3264 uiam
848 3176 1028 3276 redeam,
1062 3177 1234 3262 breuiter
1267 3180 1617 3266 demonstrandum
1651 3183 1747 3270 mihi
1769 3193 1871 3290 erit,

532 3349 816 3440 Eruditionem
852 3345 1003 3432 Virtuti
1041 3339 1158 3428 Civili
1194 3346 1257 3451 illa
1293 3345 1542 3430 nutrimenta
1570 3365 1641 3433 aut
1682 3349 1769 3436 illos
1792 3347 1871 3460 (ut

531 3527 591 3606 ita
627 3517 787 3628 dicam)
832 3515 1027 3627 igniculos
1061 3509 1381 3614 subministrare,
1419 3510 1485 3621 qui
1511 3511 1723 3598 Libertatis
1762 3543 1870 3602 amo·

530 3741 616 3800 rem
657 3713 765 3797 alant
795 3707 1059 3819 &sgeuerosa
1086 3706 1265 3816 spedora
1297 3705 1348 3792 ad
1387 3717 1544 3818 quaevis
1578 3685 1870 3822 praeclara‘lli·
1965 3697 1970 3706 ’

529 3901 686 3988 molent
715 3896 758 3982 dt
785 3891 1016 3982 incendant.

587 4267 782 4354 Batauam
813 4261 920 4348 liano
950 4258 1119 4347 nostram
1155 4258 1475 4372 Rempublioar'u,
1514 4269 1742 4358 cariffimum
1769 4273 1868 4390 milri

412 4511 417 4520 .
530 4439 731 4546 Patriam,
758 4441 808 4527 ad
837 4443 1098 4530 testimouium
1131 4470 1263 4553 voco,
1293 4463 1414 4566 atque
1438 4449 1493 4535 ita
1517 4472 1644 4552 voco,
1671 4473 1716 4538 ot
1737 4455 1870 4542 nullut

434 4717 442 4724 .
529 4635 630 4720 alius
667 4631 839 4745 Populus
878 4633 1021 4722 illullre
1054 4634 1178 4747 magia
1209 4633 1323 4742 lrojos
1351 4645 1408 4724 rei
1442 4637 1729 4728 documentum
1752 4665 1866 4749 prae·

526 4815 623 4906 bete
641 4818 738 4908 milri
756 4821 950 4913 uideatur.
978 4869 1063 4896 -·
1090 4821 1265 4925 Putatir,
1301 4825 1868 4932 Avn1‘r01tnt,futurum

1134 5037 1138 5044 ·
1224 5007 1327 5114 Da
1727 4963 1913 5112 turm,

1349 5212 1378 5262 4
1474 5217 1477 5224 ,
