5500 6392
1489 577 1520 664 k

932 761 970 867 u
1082 723 1111 830 ι’
1190 762 1240 863 0
1342 757 1399 867 R
1499 727 1708 865 use
1809 723 2095 870 rso*

919 1057 1030 1118 cerua
1060 1033 1274 1116 Libertatis
1304 1030 1419 1118 rantes
1442 1033 1514 1144 rst,
1549 1003 1747 1118 Virrutem
1789 1033 1979 1125 Civilem:
2006 1040 2127 1145 Quod
2150 1063 2266 1150 argu·

891 1187 1103 1292 'mentum
1132 1209 1359 1316 quoniama
1390 1210 1577 1309 nemine,
1606 1208 1715 1318 quod
1747 1211 1925 1319 equidem
1958 1214 2164 1310 noverim,
2192 1236 2265 1321 pro

921 1373 1117 1486 dignitate
1131 1375 1207 1460 fuit
1224 1371 1471 1486 expolitum,
1495 1374 1624 1458 dicam
1647 1373 1721 1459 hac
1741 1376 1863 1474 hurd,
1891 1403 1975 1462 non
1999 1376 2049 1462 de
2075 1397 2165 1462 toto
2183 1383 2266 1489 qui·
2313 1359 2324 1458 .’
2374 1385 2379 1407 ’

916 1539 1036 1639 dem,
1076 1562 1153 1648 qua
1190 1542 1269 1626 late
1312 1537 1457 1649 putet,
1496 1531 1743 1620 scientiarum
1773 1540 1898 1646 orbe,
1939 1539 2005 1624 sed
2038 1537 2168 1648 (meis
2205 1569 2267 1624 me

914 1721 1101 1804 cancellis
1132 1717 1486 1829 cirumscribens)
1529 1715 1574 1800 de
1621 1715 1885 1820 Eruditioue,
1926 1719 2063 1806 altrice
2094 1723 2270 1806 lir'tutis

921 1881 1062 1962 Civilis
1072 1886 1334 1992 „praesertim
1352 1893 1394 1970 in
1416 1893 1592 1972 Ciuitate
1612 1890 1743 1980 ubere.

981 2243 1049 2328 Ex
1077 2243 1217 2332 mediis
1244 2245 1396 2359 quippe
1415 2251 1666 2358 negotiorum
1695 2249 1881 2338 fluetibus
1911 2245 2065 2356 forique
2100 2261 2272 2339 certami-

901 2452 977 2523 ,ne
997 2429 1039 2513 in
1054 2427 1155 2517 hanc
1176 2437 1376 2520 minorem
1401 2437 1625 2550 palaestram
1644 2439 1845 2548 inprouiso
1865 2438 2044 2538 delatus,
2064 2442 2269 2552 quaeolim

919 2621 1019 2702 mihi
1038 2621 1088 2704 ad
1119 2611 1245 2710 vitam
1273 2614 1429 2710 ciuilei'n
1466 2619 1568 2710 bene
1599 2610 1877 2714 instituendam
1909 2626 2114 2739 profuerat
2140 2648 2271 2714 rerum
2313 2616 2319 2630 ’

919 2806 1128 2917 cognitio,
1169 2803 1276 2890 illam
1305 2832 1384 2916 ego
1414 2831 1524 2888 nunc
1557 2809 1642 2886 aliis
1674 2811 1730 2887 ita
1760 2808 1912 2886 tradere
1941 2831 2098 2889 mecum
2131 2808 2268 2908 statui,
2300 2895 2303 2902 ,

924 3008 971 3068 ut
990 2987 1095 3070 ritae
1114 2985 1243 3070 civilis
1273 2985 1515 3095 experientia
1552 3001 1744 3096 perpetuo
1781 2983 1889 3120 mihi
1911 2989 1952 3068 in
1986 2984 2174 3072 docendo
2212 2985 2271 3072 fa·

923 3197 1014 3260 cem
1041 3177 1261 3286 praebeat,
1301 3175 1345 3259 dr
1364 3202 1464 3284 quae
1496 3173 1628 3260 sterilis
1661 3173 1887 3282 inutilisque
1917 3172 2023 3259 soret
2054 3171 2268 3280 doetrina,

870 3421 879 3452 ,
924 3347 997 3436 nisi
1027 3347 1076 3434 ad
1107 3376 1359 3436 communem
1390 3350 1500 3436 usum
1530 3348 1758 3450 referatur,
1795 3351 1900 3434 illam
1935 3348 2034 3433 veris
2067 3345 2266 3435 fabiorum

922 3497 1176 3612 documentis
1196 3528 1395 3635 juventuti
1415 3527 1576 3612 reddam
1595 3523 1906 3612 fructuosiorem.
1937 3570 1999 3592 -
2031 3525 2137 3628 Vos,
2173 3535 2267 3608 Au·

923 3715 1191 3798 neroum,
1219 3698 1344 3807 mihi,
1371 3700 1438 3808 qui
1459 3697 1538 3783 hoc
1564 3699 1698 3781 saltem
1727 3721 1773 3780 ex
1801 3701 1891 3783 loco
1922 3697 2075 3806 publice
2103 3693 2267 3782 dicendi

922 3881 1007 3968 sum
1033 3883 1228 3990 insolens,
1259 3884 1413 3971 auribus
1432 3885 1650 3990 animisque
1672 3881 1821 3970 fauete.

981 4265 1060 4361 At,
1088 4281 1133 4345 ut
1154 4259 1298 4346 ordine
1320 4257 1570 4371 progrediar,
1600 4259 1789 4342 nonnulla
1827 4255 2121 4366 praemittenda
2153 4259 2270 4362 sunt,

925 4443 971 4526 δι
993 4467 1092 4552 quae
1109 4439 1322 4540 Eruditio,
1347 4463 1445 4547 quae
1466 4438 1604 4522 Virtus
1627 4439 1764 4522 Civilis
1788 4437 1881 4523 mihi
1903 4433 2105 4538 videatur,
2135 4439 2269 4550 paucis

921 4625 1194 4715 differendum.
1252 4623 1307 4709 Hi
1330 4647 1471 4731 nempe
1490 4621 1628 4707 aetatis
1650 4618 1801 4706 nostrae
1818 4621 1906 4706 sunt
1929 4647 2081 4724 mores,
2107 4595 2151 4704 ut
2174 4624 2270 4702 Eru-

925 4800 1055 4913 ditio‚
1100 4827 1197 4912 quae
1233 4799 1461 4884 humanitas
1495 4778 1586 4908 'ipsa
1628 4797 1712 4904 ess,
1761 4799 1808 4884 ab
1852 4796 2095 4884 humanitate
2148 4809 2263 4900 atque

2167 4984 2269 5070 adeo

1393 5221 1420 5262 7
