5500 6392
684 577 1845 884 INAUGUiAL1ap

526 1021 648 1112 nato,
685 1033 754 1103 aut
784 1015 842 1104 hie
880 1037 1005 1128 pravo
1040 1013 1187 1102 civium
1219 1010 1368 1119 iudicio
1397 1011 1587 1124 oppreffia
1623 1002 1863 1100 &vaferri-

528 1180 594 1262 ma
628 1196 713 1264 arte
742 1179 793 1265 ad
829 1206 967 1266 necem
1007 1178 1212 1281 irretitis„
1233 1178 1353 1264 talem
1389 1176 1511 1263 animi
1546 1178 1864 1294 magnitudinem

526 1356 571 1442 in
596 1353 762 1442 adveriis
791 1354 900 1442 fuiffe
927 1356 1130 1455 futuram,
1155 1348 1225 1436 nisa
1251 1351 1301 1437 ad
1324 1355 1511 1466 excelsam
1534 1356 1713 1443 indolem
1735 1384 1864 1444 acceo·
1997 1339 2005 1352 ’

528 1539 627 1631 sitiet
653 1544 895 1660 ingenium,
932 1542 1199 1654 Antiquitatir
1235 1515 1370 1625 colore
1409 1543 1464 1626 ita
1494 1509 1708 1647 imbutum,
1748 1545 1864 1632 utin

527 1727 882 1815 Loureniieiniano
919 1751 1075 1813 carcere
1113 1726 1158 1812 dr
1182 1728 1250 1814 sub
1283 1726 1372 1838 ipsas
1401 1725 1654 1814 carnificinae
1679 1727 1859 1814 cruciati*

446 1994 450 2001 J
527 1905 599 1990 bur
622 1907 715 1994 inde
736 1925 925 2022 peterent
952 1908 1189 1993 miseriarum
1217 1934 1266 1992 ac
1295 1912 1442 1994 doloris
1471 1908 1770 1994 levamentum?

579 2277 660 2365 Sed
693 2279 788 2388 quid
820 2303 922 2390 opus
946 2280 1026 2382 est,
1066 2278 1428 2381 Aaronom,
1459 2281 1511 2367 ad
1542 2283 1752 2371 remotiora
1787 2309 1860 2370 noa

528 2456 710 2540 conferre
738 2475 942 2567 tempora,
972 2474 1017 2540 ut
1037 2472 1229 2568 quantum
1257 2455 1396 2541 exodia
1422 2455 1568 2540 veteris
1598 2463 1684 2542 aevi
1724 2456 1860 2568 cogni.

528 2646 587 2731 tio
623 2645 738 2731 saciat
773 2645 822 2731 ad
864 2642 1180 2757 pernoscendam
1211 2645 1413 2757 ingenium
1452 2645 1703 2747 humanum,
1739 2666 1858 2758 atque

520 2813 629 2898 adeo
671 2820 721 2896 ad
753 2818 1061 2920 comparandam
1098 2813 1354 2920 prudentiam
1394 2812 1577 2917 civilem,
1617 2816 1860 2904 demonstre-

524 3000 644 3082 mur?
682 3048 729 3066 -·
772 2999 911 3082 Unum
946 2999 1085 3079 Virum
1120 2999 1233 3085 vobis
1267 3001 1486 3104 excitabo,
1527 3011 1635 3112 cujus
1666 3025 1861 3111 mortem,

525 3172 793 3288 graviffiruunr
813 3175 903 3262 huie
925 3179 1163 3265 Academiae
1184 3183 1227 3266 dr
1246 3187 1494 3292 irreparabile
1520 3189 1733 3288 damnum,
1756 3219 1859 3278 non·

528 3348 624 3432 dum
653 3350 875 3450 eluximus,
905 3345 1252 3436 Luoovrcum
1277 3353 1595 3472 Cannarum
1615 3359 1858 3451 Vacerra·

523 3550 806 3629 Nauarum.
859 3521 1054 3630 Eratiile
1085 3531 1243 3636 quidem
1277 3533 1428 3647 abipsa
1455 3539 1617 3649 pueritia
1643 3550 1725 3650 ejus
1751 3564 1858 3634 aran·
1946 3629 1949 3634 .

524 3721 752 3829 parilitatis,
781 3744 880 3830 quae
911 3721 951 3806 in
983 3721 1116 3807 studiis
1146 3723 1221 3824 est,
1251 3725 1307 3807 ita
1339 3753 1474 3814 amans
1495 3729 1539 3816 dc
1566 3730 1783 3844 adpetens,
1811 3763 1855 3824 ur

524 3901 746 4012 ancgotiis
772 3861 936 4011 publicis
961 3905 1037 3990 sese
1072 3930 1189 4011 quam
1220 3907 1446 4014 iongiffime
1485 3939 1708 4008 removeret
1735 3940 1854 4036 atque

405 4205 410 4216 Ι
525 4076 576 4172 a'd
604 4088 802 4174 literatum
832 4089 983 4186 otium,
1011 4085 1118 4198 quod
1151 4114 1242 4174 curn
1268 4089 1463 4199 dignitate
1490 4100 1744 4204 conjundium
1773 4111 1855 4216 est,

525 4261 815 4350 lubentiffiruua
841 4259 1093 4370 perfugeret:
1141 4269 1194 4346 At
1231 4264 1296 4346 ilia
1328 4284 1460 4352 tamen
1498 4267 1577 4353 fuit
1621 4274 1664 4356 in
1699 4277 1852 4366 summo
1886 4316 1889 4322 ·

525 4445 612 4526 viro
651 4467 778 4526 rerum
810 4441 985 4530 civilium
1019 4443 1211 4543 scientia,
1244 4464 1326 4540 tam
1366 4445 1524 4558 pulchre
1556 4449 1850 4571 &principum

394 4749 403 4768 ο
524 4649 653 4714 morea
673 4627 718 4714 ἀ
745 4589 879 4740 popuii
908 4585 1002 4715 vitia
1027 4630 1094 4717 iile
1125 4653 1316 4734 noverat,
1346 4659 1391 4722 ut
1422 4665 1507 4722 non
1537 4657 1690 4727 tautum
1715 4646 1765 4730 de
1783 4647 1850 4752 iia,

480 4784 484 4790 ⁴
524 4837 621 4924 quae
638 4819 715 4922 jam
747 4812 854 4902 facia
889 4811 1033 4922 effent,
1071 4819 1290 4908 acutiffime
1308 4815 1528 4931 judicaret,
1567 4831 1848 4918 verumetiam

1629 5099 1635 5106 ,
1746 5032 1850 5120 quae

1348 5203 1380 5252 ‹
