5500 6392
928 747 994 854 32
1186 713 1237 813 Ο
1338 708 1395 818 R
1494 561 1707 817 :tu
1797 715 2093 832 'I'O‘f

916 994 1014 1096 q'uae
1040 982 1276 1088 iamfutura
1297 979 1449 1082 client,
1478 1007 1564 1068 non
1593 1009 1646 1078 ,ea
1663 993 1806 1082 avium
1834 990 1997 1094 uuiatu,
2026 990 2090 1084 sed
2119 1017 2169 1082 ex
2200 997 2262 1088 in·

913 1166 1020 1251 timis
1050 1159 1248 1252 Historiae
1269 1167 1573 1277 penetralibus,
1613 1167 1907 1258 calicutiffirnus
1935 1173 2079 1286 augur
2111 1181 2261 1285 praesa·

915 1353 1034 1464 giret.
1093 1351 1149 1435 Ut
1177 1337 1433 1440 dipisideni
1465 1337 1631 1461 fficiam,
1663 1347 2006 1470 redite,'qnaes0,
2035 1347 2079 1448 ἰῃ
2110 1349 2260 1451 ήκω.

915 1526 1025 1612 tiam·
1044 1530 1275 1614 excelientis
1314 1528 1438 1618 'tilius‘
1464 1518 1700 1635 Orationis,
1727 1547 1844 1646 quani
1874 1563 1926 1628 ex
1958 1538 2033 1624 hac
2075 1539 2158 1650 ipsa
2189 1541 2262 1629 Cu·

916 1696 1051 1785 thedu
1077 1698 1242 1808 habuit,
1271 1697 1493 1817 deputans
1524 1703 1812 1816 Athenieuſsurn
1850 1707 2042 1809 muribus,
2065 1733 2137 1824 pro
2168 1725 2261 1802 terri·

904 1908 1050 2002 purum
1077 1888 1324 1992 diuerfirate.
1363 1894 1554 2000 crescentis
1589 1895 1826 2006 labentisque
1867 1898 1977 2013 Reip.
2007 1897 2151 2008 cuufis:
2180 1901 2261 1998 Et,

911 2061 1126 2150 iiPatriae
1156 2090 1228 2149 vos
1261 2082 1400 2178 tangat
1428 2091 1565 2173 amur,
1596 2067 1738 2177 legatis
1766 2066 1874 2151 illam
1907 2069 1950 2155 dc
1984 2081 2128 2156 iterum
2156 2077 2262 2184 lega·

911 2252 977 2386 tis.
1033 2248 1152 2352 Quae
1183 2245 1358 2332 nostram
1393 2236 1724 2354 Rumpublicaru,
1757 2265 1802 2332 ut
1825 2244 2025 2362 quondam
2059 2243 2260 2346 Athenas,

911 2439 1163 2524 nuncetiam
1184 2433 1359 2522 exedant
1382 2435 1506 2531 mala,
1533 2458 1634 2542 quae
1657 2432 1881 2526 causaenos
1903 2433 2085 2522 civilibus
2114 2432 2261 2521 discor·

847 2576 851 2584 ¹
911 2625 988 2710 diis
1009 2615 1206 2734 agitatos,
1224 2622 1318 2707 hinc
1337 2619 1537 2710 fraudibus
1555 2623 1726 2732 petitos,
1756 2621 1867 2710 illinc
1890 2641 2110 2736 paucorum
2139 2623 2260 2714 ambi·

911 2815 1028 2901 tione
1051 2832 1238 2912 vexatus,
1260 2829 1325 2895 aut
1343 2812 1662 2895 turbulentorum
1678 2814 1888 2892 hominum
1910 2813 2060 2892 artibus
2079 2811 2257 2914 delusos,

909 2994 963 3084 ud
989 2990 1238 3081 certiffrmam
1272 2987 1489 3101 perniciem
1518 3015 1678 3100 ‚pronos
1709 2990 1995 3100 praecipitent,
2025 2993 2066 3073 in
2102 2990 2260 3102 speculo

788 3157 794 3164 ¹
912 3181 1159 3266 Graecorum
1186 3203 1269 3264 uon
1300 3177 1383 3262 iine
1403 3179 1569 3266 horrore
1600 3181 1773 3290 quodam
1805 3181 2071 3270 intuebimini.

964 3548 1143 3658 Quando
1193 3551 1643 3633 VALcrtnurnuurr
1694 3561 1938 3640 mentionem
1989 3554 2147 3660 injeci,
2187 3577 2255 3637 ex·

910 3731 1118 3846 spectatis,
1171 3743 1529 3810 nouonnrrssnrr
1571 3735 1865 3830 nuntronns,
1904 3755 1970 3816 me
2010 3732 2104 3818 iliud
2144 3759 2253 3843 prae-

834 3893 846 3908 ⁹
910 3923 1119 4023 stitutum,
1148 3919 1256 4026 quud
1287 3907 1512 4020 cum'huius
1533 3922 1610 4000 diei
1630 3923 1855 4006 solemnitas
1887 3919 1929 4004 dt
1964 3925 2048 4022 iile,
2078 3924 2118 4004 in
2140 3948 2253 4032 quem

911 4106 1127 4209 adscendi,
1166 4104 1295 4206 lucus,
1335 4124 1421 4189 tutu
1454 4099 1724 4204 nenessitudO,
1763 4133 1863 4217 quae
1902 4103 1999 4188 mihi
2039 4129 2130 4230 cum
2156 4107 2254 4191 Viro

911 4300 1131 4390 Clariiitmo
1163 4299 1261 4405 fuit,
1293 4299 1356 4384 vel
1399 4295 1477 4406 ipsa
1506 4300 1635 4408 potius
1654 4260 1793 4407 'pietas
1825 4327 1846 4381 a
1878 4323 1943 4380 tue
1972 4295 2166 4408 postulare
2195 4303 2252 4379 vi·

910 4452 1084 4580 deatur:
1135 4487 1380 4632 Exspedptis
1400 4508 1449 4574 ex
1486 4511 1550 4573 ore
1579 4509 1671 4570 meo
1702 4485 1853 4571 debitas
1877 4481 2245 4570 Vntcnnuanaro

909 4683 1065 4769 laudea:
1095 4682 1173 4770 Sed
1207 4675 1500 4792 cupidissrrnum
1530 4676 1633 4761 vires
1664 4645 1876 4779 deficiunt3
1908 4675 1951 4760 m
1986 4677 2144 4764 dicturo
2170 4701 2251 4758 ver-

911 4865 964 4952 ba
993 4870 1197 4984 intercipit
1226 4871 1355 4957 dulor.
1414 4869 1633 4977 Singularis
1665 4867 1773 4950 enirn
1804 4861 1871 4948 ista
1900 4861 1998 4946 mihi
2027 4861 2106 4946 sors
2146 4857 2250 4942 obti⁴

2191 5055 2252 5156 git
