5500 6392
868 709 935 840 gr
1041 659 1397 804 oraturo
1437 527 2038 861 rithuouharra
2115 843 2121 856 ,
2192 621 2197 628 ’

855 995 912 1054 -rre
939 969 1133 1081 capessere
1151 954 1445 1082 quidem'ausus
1469 967 1644 1073 iuiffem,
1673 971 1746 1060 nih
1768 990 1807 1060 te
1827 978 2029 1064 monitore
2056 974 2194 1060 etiam·

856 1186 952 1245 num
984 1160 1044 1242 uti
1074 1154 1272 1255 licuiffet,
1311 1182 1357 1240 ac
1387 1173 1431 1241 tu
1460 1159 1556 1243 mihi
1590 1159 1735 1246 inillis
1764 1160 1933 1262 studiis,
1969 1133 2024 1245 ⁴hr
2058 1123 2195 1270 quihus

752 1425 755 1432 ,
855 1355 947 1416 cum
988 1325 1271 1414 Valckenaerio
1316 1325 1429 1413 facile
1466 1331 1725 1441 principatum
1747 1312 1951 1425 tenebas,
1981 1331 2192 1437 praeseus,

801 1540 806 1550 ’
854 1509 962 1619 quod
994 1508 1254 1613 adhiberem,
1297 1512 1496 1620 oraculum
1523 1510 1722 1601 adfuisses.
1784 1511 1923 1600 Patere
1957 1514 2111 1625 igitur,
2148 1533 2195 1602 ut
2337 1507 2339 1510 ’

856 1688 976 1774 fidem
1012 1715 1120 1774 ruam
1162 1688 1317 1801 publice
1352 1689 1597 1798 implorem,
1625 1690 1670 1776 be
1709 1691 1868 1804 publice
1888 1689 2054 1779 vieiffim
2084 1689 2198 1801 spon·

844 1861 997 1980 ¹deam,
1025 1897 1088 1948 me
1115 1877 1224 1952 nullo
1256 1873 1352 1954 dolo
1388 1873 1547 1952 mollire
1574 1875 1689 1976 culpa
1718 1840 2034 1974 commiuurrm,
2063 1893 2109 1959 ιιι
2131 1867 2198 1952 seu

856 2039 1053 2152 discipuli,
1081 2043 1146 2126 seu
1176 2041 1314 2147 amici,
1342 2043 1410 2130 seu
1432 2048 1605 2158 collegae
1628 2051 1691 2134 tui
1712 2066 1754 2137 te
1780 2072 1957 2161 unquam
1979 2051 2195 2159 poeniteat.

912 2398 983 2488 Ad
1024 2429 1097 2488 vos
1136 2403 1348 2517 denique,
1406 2365 2195 2496 mammaeam?h'eaouhr'au

860 2585 1280 2686 Crvrrs,1ebiithma
1314 2586 1545 2693 Juveututir
1578 2600 1757 2697 corona,
1796 2612 1884 2683 mea
1910 2595 1947 2682 se
1964 2592 2082 2680 vertit
2108 2617 2197 2694 oras
2247 2633 2252 2646 ·

856 2780 928 2867 tio.
988 2779 1209 2867 Maximam
1235 2783 1393 2889 experti
1422 2784 1510 2865 estis
1541 2789 1720 2878 cladem,
1747 2785 2037 2868 Valckenaerio
2061 2807 2197 2891 parem

858 2965 1159 3078 Praeceptorem
1187 2992 1389 3076 nunquam
1413 2943 1613 3086 habituri,
1648 2963 1778 3071 Quod'
1794 2971 1835 3050 ιιι
1862 2963 1926 3056 me
1947 2969 2046 3073 erit,
2074 2971 2198 3060 vestra
2359 2959 2362 2966 ¹

856 3149 1001 3240 damna
1036 3154 1263 3257 resarciam,
1293 3184 1378 3242 non
1405 3154 1616 3271 exquisrtae
1637 3137 1766 3260 illius,
1802 3160 1965 3270 quaein
1992 3159 2072 3247 hoc
2093 3165 2195 3264 Viro
2319 3181 2326 3198 ‘

857 3360 976 3442 erat,
1014 3333 1216 3423 doiirinae
1249 3329 1491 3421 abundantia
1526 3355 1642 3445 atque
1672 3335 1943 3443 exemplorum
1973 3355 2024 3415 ex
2060 3320 2197 3418 intimh
2271 3353 2279 3366 ·

858 3516 1034 3618 Graecae
1061 3515 1244 3629 Linguae
1278 3513 1435 3598 notitia·
1453 3511 1675 3617 petitorum
1705 3507 1850 3624 cupiit,
1875 3501 1941 3588 sed
1966 3489 2192 3622 diligentia,

858 3699 925 3788 sed
955 3695 1146 3784 comitate
1175 3691 1219 3776 δε
1243 3691 1396 3805 prolixa
1419 3688 1464 3772 in
1494 3711 1568 3774 vos
1594 3685 1795 3804 vestraque
1820 3689 1943 3774 studia
1977 3686 2194 3772 voluntate.

863 3883 1192 3995 Commilitonem
1212 3905 1275 3963 me
1291 3875 1485 3963 habebitis
1506 3875 1687 3975 fidelem,
1716 3902 1918 3984 gnarum,
1940 3867 2194 3977 indefeffum,

861 4061 905 4146 δι
936 4061 1054 4144 talem
1081 4054 1292 4170 praecipue
1318 4053 1357 4136 in
1381 4051 1645 4164 comparandi
1663 4049 1895 4138 Eruditione
1923 4048 2193 4148 hortatorem,

860 4253 924 4330 cui
951 4239 1049 4331 haec
1075 4261 1261 4330 votorum
1294 4241 1441 4326 'summa
1470 4237 1603 4325 sutura
1631 4223 1705 4336 stt,
1744 4251 1788 4316 ut
1821 4255 1891 4316 uos
1921 4255 2009 4318 non
2040 4249 2195 4316 tantum

845 4427 1001 4517 'reddat
1019 4425 1240 4530 dohiores,
1260 4423 1321 4508 sed
1345 4419 1389 4504 bc
1406 4417 1612 4519 meliores,
1632 4411 1749 4499 Cives
1766 4408 1916 4496 Patriae
1935 4401 2197 4497 amantiores,

863 4610 1060 4721 Majorum
1087 4604 1259 4714 denique
1282 4597 1496 4688 vestrorum
1520 4592 1745 4681 iimillimoe.

1268 4779 1774 4943 mr'xr.
