5500 6392
1465 546 1495 628 δ

842 667 923 865 ³4
1039 713 1932 824 *orant-ro

878 1003 956 1105 tis,
983 1001 1052 1111 qui
1082 950 1376 1106 Theophrasti,
1404 987 1552 1074 mellita
1572 986 1727 1102 auribus
1755 985 1799 1070 or
1824 985 1960 1071 animo
1983 981 2216 1069 inhiberent

769 1253 773 1258 .
875 1197 1032 1260 morum
1053 1171 1096 1254 &
1117 1169 1222 1252 vitae
1244 1181 1477 1278 praccepta,
1508 1167 1690 1267 jejunam
1712 1168 1816 1243 nunc
1852 1162 1912 1245 vel
1946 1159 2124 1244 subtilem
2152 1159 2214 1242 n'u·

872 1346 948 1432 mis
968 1366 1099 1424 novae
1121 1331 1350 1422 Academiae
1385 1291 1642 1442 sequebantur
1678 1325 1997 1436 Philosoplriam3'
2037 1347 2118 1412 tum
2148 1327 2217 1412 de·

871 1555 981 1613 mum
1008 1553 1099 1612 cum
1136 1549 1251 1611 verae
1280 1521 1585 1632 pulchritudinis
1612 1519 1715 1602 sensu
1748 1545 1864 1602 verua
1900 1517 2022 1600 etiam
2054 1517 2219 1601 evanuit

873 1704 1028 1814 patriae
1062 1727 1209 1808 anaor3
1247 1698 1292 1784 &
1317 1703 1383 1808 qui
1406 1701 1489 1786 neo
1509 1693 1779 1784 Themistoclis
1798 1693 1992 1804 gloriam,
2021 1719 2094 1778 nec
2122 1690 2213 1775 Ari-

868 1833 1173 1978 stidisjustitiam
1193 1872 1294 1950 serre
1324 1886 1541 1990 potuerant
1571 1868 1874 1996 Athenienses,
1911 1867 2030 1954 unius
2063 1871 2212 1955 Deua,

795 2015 803 2031 ⁸
864 2053 1060 2144 materis,
1097 2071 1120 2128 a
1150 2041 1426 2128 Macedonum
1450 2043 1648 2152 Tyranno
1675 2037 1746 2124 fibi
1782 2036 2015 2149 praefecti,
2048 2041 2220 2152 imperio

871 2221 1069 2328 patienter
1085 2217 1249 2306 fuerunt
1265 2217 1454 2305 obsecuti.

924 2581 1147 2690 Spectato,
1180 2597 1226 2664 ut
1250 2575 1415 2666 Graecia
1442 2578 1646 2666 Romanor
1691 2579 1911 2692 adjiciam,
1944 2579 2116 2693 spectate
2146 2553 2222 2662 'ur-

869 2745 960 2830 bem
993 2761 1185 2828 tetrarum
1210 2745 1428 2828 dominam.
1486 2723 1692 2842 Quamdiu
1725 2747 1889 2823 mascula
1909 2748 2037 2848 viguit
2065 2745 2222 2823 animo·
2294 2814 2297 2828 .

865 2923 1131 3019 rumulone,
1168 2915 1384 3027 quamdiu,
1420 2943 1521 3026 quae
1554 2941 1685 3000 mores
1714 2935 1997 3024 corruperant,
2024 2920 2217 3030 intempe-

864 3066 999 3175 rantia
1031 3093 1075 3176 tlt
1113 3119 1234 3200 prava
1277 3092 1458 3184 nouandi
1490 3093 1638 3204 cupido
1677 3093 1839 3204 ingenia
1873 3085 2060 3178 nondum
2085 3113 2218 3181 tamen

870 3261 1123 3358 infecerant,
1165 3257 1387 3343 habuerunt
1422 3256 1563 3344 Rostra
1604 3261 1691 3346 suos
1734 3259 1884 3346 Crassos
1908 3317 1929 3361 ‚.
1961 3261 2224 3368 Hortensius,

866 3429 1027 3514 Tullios
1038 3455 1057 3534 3·
1080 3423 1219 3512 habuit
1245 3427 1422 3514 Historia
1445 3431 1683 3530 sallustium,
1706 3431 1930 3531 Caesarem,
1958 3430 2117 3517 Livium
2135 3489 2152 3532 ‚⁴
2174 3435 2222 3516 δι.

869 3601 951 3716 (ut
972 3605 1108 3710 paucis
1137 3603 1366 3714 absolvam)
1388 3589 1559 3688 summor
1581 3607 1623 3686 in
1646 3603 1756 3687 omni
1783 3607 2036 3690 humanitatis
2066 3628 2223 3716 genere·

870 3730 1004 3855 ¹Viros.
1035 3767 1136 3870 Sed,
1167 3771 1366 3886 postquam
1387 3778 1463 3880 jam
1486 3769 1538 3856 ad
1556 3801 1677 3860 unum
1689 3775 1841 3888 delapsa
1862 3797 1944 3860 erat
1957 3778 2221 3885 Respublica,

868 3959 958 4017 cum
980 3933 1181 4015 Libertate
1207 3933 1317 4013 limul
1343 3935 1520 4020 cxtlnsla
1549 3941 1626 4020 suit
1652 3949 1787 4025 nativa
1809 3951 1910 4042 ilia,
1949 3973 2066 4054 quam
2098 3951 2139 4028 in
2168 3949 2213 4032 il-

867 4105 998 4188 lorum
1017 4103 1167 4212 scriptis
1188 4103 1328 4192 sentire
1355 4112 1481 4222 magio
1507 4079 1627 4223 'quam
1656 4117 1855 4203 imitando
1877 4119 2099 4228 exprimere
2121 4146 2215 4229 poe·

871 4287 1024 4385 stamus,
1052 4281 1281 4397 simplicitas
1305 4289 1348 4400 sq
1380 4294 1498 4378 uirilis
1520 4301 1662 4409 vigor:
1690 4306 1825 4416 Atque
1858 4302 1932 4414 pro
1953 4299 2102 4391 sinceri
2134 4305 2219 4392 elo·

877 4463 1062 4574 poenul,
1091 4491 1114 4548 a
1142 4489 1219 4573 qua
1246 4474 1323 4574 jam
1348 4468 1680 4586 degeneraverant
1700 4479 1906 4583 lucanus,
1934 4481 2107 4587 Seneca,
2137 4485 2213 4572 Ta·

878 4639 1009 4740 citus,
1057 4661 1220 4752 uterque
1258 4645 1440 4758 Plinius,
1485 4654 1665 4755 caeteri,
1713 4655 2133 4770 putida-argutiarum
2171 4655 2222 4740 oa

2134 4861 2213 4924 aaa·
