5500 6392
686 537 1858 814 runuounncrcffi

530 968 764 1078 pereuntem
793 955 901 1040 illurn
930 951 1058 1064 ipsum
1086 948 1342 1060 Miltiadem,
1372 957 1483 1060 cujor
1514 949 1651 1036 virtuti
1682 977 1767 1040 non
1795 951 1873 1038 At·

529 1140 611 1244 tica
637 1139 719 1228 fola
748 1140 813 1228 sed
847 1160 940 1228 tota-
962 1137 1132 1236 Graecia
1155 1135 1374 1231 libertatem
1401 1138 1507 1224 suam
1536 1135 1736 1224 debebat:
1772 1135 1823 1248 81
1853 1185 1872 1206 ·

531 1331 690 1420 dabitis
719 1334 861 1446 capitio
890 1301 1125 1421 damnatum
1143 1329 1416 1440 Phocionem,
1442 1336 1566 1414 virum
1596 1327 1817 1438 optimum,
1847 1353 1871 1415 e

532 1507 644 1609 cujus
668 1504 868 1591 morientis
899 1526 969 1590 ore
1007 1525 1099 1588 reta
1125 1497 1222 1586 haec
1248 1527 1329 1586 vox
1356 1499 1436 1587 fuit
1459 1493 1609 1582 emilia:
1637 1491 1762 1580 Talem
1789 1497 1873 1577 exi-²

532 1700 617 1777 ram
654 1681 858 1797 plerosque
892 1679 1014 1768 claros
1050 1687 1160 1768 uiros
1199 1675 1368 1788 baduilla
1402 1675 1591 1762 Athenis!
1637 1668 1873 1782 Spcdabirio

362 1879 381 1898 ‘
532 1867 743 1955 exadverso
769 1869 991 1970 Cleonem,
1021 1863 1351 1971 cleophontem,
1380 1861 1679 1964 Hyperbolum,
1708 1833 1874 1963 Ephial-

503 2044 626 2125 ·ten,
658 2025 845 2110 homines
882 2019 1113 2123 seditiosos,
1148 2042 1353 2122 amenter,
1390 2018 1580 2122 audacer,
1619 2019 1872 2122 criminosor,

538 2201 817 2302 turbulentos,
855 2201 1056 2309 improbos
1092 2201 1135 2288 in
1161 2198 1487 2309 liempublicam,
1511 2199 1621 2286 Plebi
1655 2225 1751 2286 vero
1783 2222 1873 2309 gra·

534 2343 726 2504 tillrmoa,
767 2398 878 2498 cuiue
908 2385 1311 2503 quippelevillrrnam
1327 2383 1477 2473 favoris
1501 2413 1636 2472 auram
1655 2387 1873 2498 turpiffrmd

407 2568 413 2580 ’
530 2575 792 2663 affectatione
811 2573 935 2663 odiosr
954 2575 1252 2689 illiDemngogl
1268 2578 1577 2684 aucupabantur.
1610 2622 1691 2644 --
1705 2575 1873 2687 specie·

533 2763 654 2862 bitis,
691 2785 736 2848 ut
766 2767 899 2873 paucis
919 2765 1063 2848 cundia
1075 2763 1325 2873 compleant,
1340 2765 1533 2851 summam
1558 2765 1799 2852 concionum
1814 2783 1871 2851 te·

531 2946 779 3037 meritatem,
813 2941 1000 3046 populari
1031 2939 1216 3052 invidiaeg
1245 2939 1432 3032 cedentes
1472 2946 1579 3034 cives
1619 2943 1871 3045 clarillrmor,‘

532 3121 776 3231 pendentem
795 3150 819 3208 a
840 3119 992 3232 peffimi
1019 3130 1206 3232 cuiusque
1234 3127 1402 3212 confiliir
1426 3131 1655 3230 civitatem,
1683 3131 1727 3216 dc
1745 3133 1872 3240 publi·

535 3341 624 3404 cam
650 3319 811 3404 salutem
829 3315 877 3400 iir
901 3312 1115 3413 creditam,
1152 3312 1289 3424 quibua
1328 3338 1451 3402 nemo
1481 3319 1592 3404 sanna
1630 3345 1712 3406 rem
1743 3327 1873 3432 priva·

536 3481 625 3586 tam
649 3496 875 3604 ‚tradidilier
904 3471 1265 3589 administrandam.

589 3787 637 3871 ln
656 3789 824 3875 citandis
844 3813 867 3873 e
884 3788 1051 3876 Graecia
1070 3794 1256 3902 exemplis
1266 3791 1408 3878 nimius
1432 3789 1559 3879 forsan
1581 3821 1702 3904 quum
1716 3792 1870 3897 fuerim,

536 3958 587 4044 de
609 3957 849 4044 Gracchanis
865 3977 934 4074 aut
953 3954 1142 4039 Marianis
1153 3927 1417 4063 temporibus,
1437 3954 1485 4036 de
1496 3957 1668 4068 Legibus
1678 3964 1871 4074 Agrariir,

536 4135 587 4222 de
603 4133 930 4246 largitionibus,
953 4131 1005 4218 de
1032 4129 1178 4230 Ludis,
1199 4129 1248 4213 de
1267 4127 1484 4215 Frumento
1501 4134 1605 4242 plebi
1626 4135 1870 4249 dividendo,
1996 4165 2000 4174 ·

537 4339 645 4401 nuuc
684 4315 841 4428 quidem
884 4313 1031 4420 fileto,
1063 4340 1191 4428 neque
1218 4313 1345 4402 dicam
1375 4313 1426 4400 de
1449 4317 1549 4404 sacra
1572 4316 1640 4404 tstr
1668 4319 1712 4406 tle
1738 4323 1868 4420 sanda

536 4497 1020 4611 potestateTribunorum
1039 4499 1193 4606 Plebis,
1211 4505 1305 4615 qui,
1325 4524 1369 4590 ut
1392 4509 1588 4618 praecinto
1619 4509 1772 4599 Limus
1793 4515 1866 4625 (9)
1906 4539 1909 4548 .

1808 4733 1865 4814 lu·

589 4883 651 4966 (9)
671 4883 742 4952 mu.
757 4887 813 4956 111.
829 4886 908 4972 erp.
930 4905 980 4954 u.

1317 4973 1360 5058 D
1391 4999 1416 5062 2

1349 5161 1379 5210 ⁴
